<?xml version="1.0" encoding="UTF-8"?>
  <record xmlns="http://www.loc.gov/MARC21/slim" type="Authority">
    <leader>00000nz  a2200000oc 4500</leader>
    <controlfield tag="001">13358190X</controlfield>
    <controlfield tag="003">DE-101</controlfield>
    <controlfield tag="005">20180406162646.0</controlfield>
    <controlfield tag="008">071106n||aznnnaabn           | aaa    |c</controlfield>
    <datafield tag="024" ind1="7" ind2=" ">
      <subfield code="a">13358190X</subfield>
      <subfield code="0">http://d-nb.info/gnd/13358190X</subfield>
      <subfield code="2">gnd</subfield>
    </datafield>
    <datafield tag="035" ind1=" " ind2=" ">
      <subfield code="a">(DE-101)13358190X</subfield>
    </datafield>
    <datafield tag="035" ind1=" " ind2=" ">
      <subfield code="a">(DE-588)13358190X</subfield>
    </datafield>
    <datafield tag="035" ind1=" " ind2=" ">
      <subfield code="z">(DE-588a)13358190X</subfield>
      <subfield code="9">v:zg</subfield>
    </datafield>
    <datafield tag="040" ind1=" " ind2=" ">
      <subfield code="a">DE-14</subfield>
      <subfield code="c">DE-14</subfield>
      <subfield code="9">r:DE-600</subfield>
      <subfield code="b">ger</subfield>
      <subfield code="d">0023</subfield>
    </datafield>
    <datafield tag="042" ind1=" " ind2=" ">
      <subfield code="a">gnd3</subfield>
    </datafield>
    <datafield tag="043" ind1=" " ind2=" ">
      <subfield code="c">ZZ</subfield>
    </datafield>
    <datafield tag="075" ind1=" " ind2=" ">
      <subfield code="b">p</subfield>
      <subfield code="2">gndgen</subfield>
    </datafield>
    <datafield tag="075" ind1=" " ind2=" ">
      <subfield code="b">piz</subfield>
      <subfield code="2">gndspec</subfield>
    </datafield>
    <datafield tag="079" ind1=" " ind2=" ">
      <subfield code="a">g</subfield>
      <subfield code="q">a</subfield>
      <subfield code="q">f</subfield>
    </datafield>
    <datafield tag="100" ind1="1" ind2=" ">
      <subfield code="a">Groß, Barbara</subfield>
      <subfield code="d">1606-1668</subfield>
    </datafield>
    <datafield tag="375" ind1=" " ind2=" ">
      <subfield code="a">2</subfield>
      <subfield code="2">iso5218</subfield>
    </datafield>
    <datafield tag="400" ind1="1" ind2=" ">
      <subfield code="a">Praetorius, Barbara</subfield>
      <subfield code="d">1606-1668</subfield>
      <subfield code="4">nafr</subfield>
      <subfield code="4">https://d-nb.info/standards/elementset/gnd#EarlierNameOfThePerson</subfield>
      <subfield code="w">r</subfield>
      <subfield code="i">Frueherer Name</subfield>
      <subfield code="e">Frueherer Name</subfield>
    </datafield>
    <datafield tag="500" ind1="1" ind2=" ">
      <subfield code="0">(DE-101)120851202</subfield>
      <subfield code="0">(DE-588)120851202</subfield>
      <subfield code="0">https://d-nb.info/gnd/120851202</subfield>
      <subfield code="a">Praetorius, Joachim</subfield>
      <subfield code="d">1566-1633</subfield>
      <subfield code="4">bezf</subfield>
      <subfield code="4">https://d-nb.info/standards/elementset/gnd#familialRelationship</subfield>
      <subfield code="w">r</subfield>
      <subfield code="i">Beziehung familiaer</subfield>
      <subfield code="e">Beziehung familiaer</subfield>
      <subfield code="9">v:Vater</subfield>
    </datafield>
    <datafield tag="500" ind1="1" ind2=" ">
      <subfield code="0">(DE-101)121798852</subfield>
      <subfield code="0">(DE-588)121798852</subfield>
      <subfield code="0">https://d-nb.info/gnd/121798852</subfield>
      <subfield code="a">Groß, Christian</subfield>
      <subfield code="d">1602-1673</subfield>
      <subfield code="4">bezf</subfield>
      <subfield code="4">https://d-nb.info/standards/elementset/gnd#familialRelationship</subfield>
      <subfield code="w">r</subfield>
      <subfield code="i">Beziehung familiaer</subfield>
      <subfield code="e">Beziehung familiaer</subfield>
      <subfield code="9">v:Ehemann</subfield>
      <subfield code="9">Z:1635-1668</subfield>
    </datafield>
    <datafield tag="500" ind1="1" ind2=" ">
      <subfield code="0">(DE-101)114830617X</subfield>
      <subfield code="0">(DE-588)114830617X</subfield>
      <subfield code="0">https://d-nb.info/gnd/114830617X</subfield>
      <subfield code="a">Nitz, Regina</subfield>
      <subfield code="d">1644-1672</subfield>
      <subfield code="4">bezf</subfield>
      <subfield code="4">https://d-nb.info/standards/elementset/gnd#familialRelationship</subfield>
      <subfield code="w">r</subfield>
      <subfield code="i">Beziehung familiaer</subfield>
      <subfield code="e">Beziehung familiaer</subfield>
    </datafield>
    <datafield tag="500" ind1="1" ind2=" ">
      <subfield code="0">(DE-101)122595564</subfield>
      <subfield code="0">(DE-588)122595564</subfield>
      <subfield code="0">https://d-nb.info/gnd/122595564</subfield>
      <subfield code="a">Jasch, Anna Sophia</subfield>
      <subfield code="4">bezf</subfield>
      <subfield code="4">https://d-nb.info/standards/elementset/gnd#familialRelationship</subfield>
      <subfield code="w">r</subfield>
      <subfield code="i">Beziehung familiaer</subfield>
      <subfield code="e">Beziehung familiaer</subfield>
    </datafield>
    <datafield tag="500" ind1="1" ind2=" ">
      <subfield code="0">(DE-101)104312688</subfield>
      <subfield code="0">(DE-588)104312688</subfield>
      <subfield code="0">https://d-nb.info/gnd/104312688</subfield>
      <subfield code="a">Groß, Christian</subfield>
      <subfield code="4">bezf</subfield>
      <subfield code="4">https://d-nb.info/standards/elementset/gnd#familialRelationship</subfield>
      <subfield code="w">r</subfield>
      <subfield code="i">Beziehung familiaer</subfield>
      <subfield code="e">Beziehung familiaer</subfield>
      <subfield code="9">v:Sohn</subfield>
    </datafield>
    <datafield tag="548" ind1=" " ind2=" ">
      <subfield code="a">06.10.1606-15.11.1668</subfield>
      <subfield code="4">datx</subfield>
      <subfield code="4">https://d-nb.info/standards/elementset/gnd#dateOfBirthAndDeath</subfield>
      <subfield code="w">r</subfield>
      <subfield code="i">Exakte Lebensdaten</subfield>
    </datafield>
    <datafield tag="548" ind1=" " ind2=" ">
      <subfield code="a">1606-1668</subfield>
      <subfield code="4">datl</subfield>
      <subfield code="4">https://d-nb.info/standards/elementset/gnd#dateOfBirthAndDeath</subfield>
      <subfield code="w">r</subfield>
      <subfield code="i">Lebensdaten</subfield>
    </datafield>
    <datafield tag="667" ind1=" " ind2=" ">
      <subfield code="a">VD-17</subfield>
    </datafield>
    <datafield tag="672" ind1=" " ind2="0">
      <subfield code="a">Jaschius, Valerius: Affectus Constantissimi Debitum. - 1668</subfield>
    </datafield>
    <datafield tag="913" ind1=" " ind2=" ">
      <subfield code="S">pnd</subfield>
      <subfield code="i">a</subfield>
      <subfield code="a">Groß, Barbara</subfield>
      <subfield code="0">(DE-588a)13358190X</subfield>
    </datafield>
  </record>
